
@article{kingma_auto-encoding_2013,
	title = {Auto-Encoding Variational Bayes},
	url = {http://arxiv.org/abs/1312.6114},
	abstract = {How can we perform efficient inference and learning in directed probabilistic models, in the presence of continuous latent variables with intractable posterior distributions, and large datasets? We introduce a stochastic variational inference and learning algorithm that scales to large datasets and, under some mild differentiability conditions, even works in the intractable case. Our contributions is two-fold. First, we show that a reparameterization of the variational lower bound yields a lower bound estimator that can be straightforwardly optimized using standard stochastic gradient methods. Second, we show that for i.i.d. datasets with continuous latent variables per datapoint, posterior inference can be made especially efficient by fitting an approximate inference model (also called a recognition model) to the intractable posterior using the proposed lower bound estimator. Theoretical advantages are reflected in experimental results.},
	journaltitle = {{arXiv}:1312.6114 [cs, stat]},
	author = {Kingma, Diederik P. and Welling, Max},
	urldate = {2018-05-16},
	date = {2013-12-20},
	eprinttype = {arxiv},
	eprint = {1312.6114},
	keywords = {Computer Science - Learning, Statistics - Machine Learning},
	file = {arXiv\:1312.6114 PDF:/home/lzh/Zotero/storage/SIVIRC9K/Kingma and Welling - 2013 - Auto-Encoding Variational Bayes.pdf:application/pdf;arXiv.org Snapshot:/home/lzh/Zotero/storage/JUFEF959/1312.html:text/html}
}

@article{goodfellow_nips_2016,
	title = {{NIPS} 2016 Tutorial: Generative Adversarial Networks},
	url = {http://arxiv.org/abs/1701.00160},
	shorttitle = {{NIPS} 2016 Tutorial},
	abstract = {This report summarizes the tutorial presented by the author at {NIPS} 2016 on generative adversarial networks ({GANs}). The tutorial describes: (1) Why generative modeling is a topic worth studying, (2) how generative models work, and how {GANs} compare to other generative models, (3) the details of how {GANs} work, (4) research frontiers in {GANs}, and (5) state-of-the-art image models that combine {GANs} with other methods. Finally, the tutorial contains three exercises for readers to complete, and the solutions to these exercises.},
	journaltitle = {{arXiv}:1701.00160 [cs]},
	author = {Goodfellow, Ian},
	urldate = {2018-05-17},
	date = {2016-12-31},
	eprinttype = {arxiv},
	eprint = {1701.00160},
	keywords = {Computer Science - Learning},
	file = {arXiv\:1701.00160 PDF:/home/lzh/Zotero/storage/7U96LMUT/Goodfellow - 2016 - NIPS 2016 Tutorial Generative Adversarial Network.pdf:application/pdf;arXiv.org Snapshot:/home/lzh/Zotero/storage/IWIVPH39/1701.html:text/html}
}

@article{doersch_tutorial_2016,
	title = {Tutorial on Variational Autoencoders},
	url = {http://arxiv.org/abs/1606.05908},
	abstract = {In just three years, Variational Autoencoders ({VAEs}) have emerged as one of the most popular approaches to unsupervised learning of complicated distributions. {VAEs} are appealing because they are built on top of standard function approximators (neural networks), and can be trained with stochastic gradient descent. {VAEs} have already shown promise in generating many kinds of complicated data, including handwritten digits, faces, house numbers, {CIFAR} images, physical models of scenes, segmentation, and predicting the future from static images. This tutorial introduces the intuitions behind {VAEs}, explains the mathematics behind them, and describes some empirical behavior. No prior knowledge of variational Bayesian methods is assumed.},
	journaltitle = {{arXiv}:1606.05908 [cs, stat]},
	author = {Doersch, Carl},
	urldate = {2018-05-17},
	date = {2016-06-19},
	eprinttype = {arxiv},
	eprint = {1606.05908},
	keywords = {Computer Science - Learning, Statistics - Machine Learning},
	file = {arXiv\:1606.05908 PDF:/home/lzh/Zotero/storage/LXG9DL5D/Doersch - 2016 - Tutorial on Variational Autoencoders.pdf:application/pdf;arXiv.org Snapshot:/home/lzh/Zotero/storage/PRB3IAZP/1606.html:text/html}
}

@article{arjovsky_wasserstein_2017,
	title = {Wasserstein {GAN}},
	url = {http://arxiv.org/abs/1701.07875},
	abstract = {We introduce a new algorithm named {WGAN}, an alternative to traditional {GAN} training. In this new model, we show that we can improve the stability of learning, get rid of problems like mode collapse, and provide meaningful learning curves useful for debugging and hyperparameter searches. Furthermore, we show that the corresponding optimization problem is sound, and provide extensive theoretical work highlighting the deep connections to other distances between distributions.},
	journaltitle = {{arXiv}:1701.07875 [cs, stat]},
	author = {Arjovsky, Martin and Chintala, Soumith and Bottou, Léon},
	urldate = {2018-05-18},
	date = {2017-01-26},
	eprinttype = {arxiv},
	eprint = {1701.07875},
	keywords = {Computer Science - Learning, Statistics - Machine Learning},
	file = {arXiv\:1701.07875 PDF:/home/lzh/Zotero/storage/5DN8JPIG/Arjovsky et al. - 2017 - Wasserstein GAN.pdf:application/pdf;arXiv.org Snapshot:/home/lzh/Zotero/storage/MM2PLH62/1701.html:text/html}
}

@book{ferziger_computational_2002,
	location = {Berlin ; New York},
	edition = {3rd, rev. ed},
	title = {Computational methods for fluid dynamics},
	isbn = {978-3-540-42074-3},
	pagetotal = {423},
	publisher = {Springer},
	author = {Ferziger, Joel H. and Perić, M.},
	date = {2002},
	langid = {english},
	keywords = {Computational fluid dynamics},
	file = {Ferziger and Perić - 2002 - Computational methods for fluid dynamics.pdf:/home/lzh/Zotero/storage/4VIGKZL2/Ferziger and Perić - 2002 - Computational methods for fluid dynamics.pdf:application/pdf}
}

@book{landau_fluid_1987,
	location = {Amsterdam u.a},
	edition = {2 edition},
	title = {Fluid Mechanics, Second Edition: Volume 6},
	isbn = {978-0-7506-2767-2},
	shorttitle = {Fluid Mechanics, Second Edition},
	abstract = {This is the most comprehensive introductory graduate or advanced undergraduate text in fluid mechanics available. It builds up from the fundamentals, often in a general way, to widespread applications, to technology and geophysics. New to this second edition are discussions on the universal dimensions similarity scaling for the laminar boundary layer equations and on the generalized vector field derivatives. In addition, new material on the generalized streamfunction treatment shows how streamfunction may be used in three-dimensional flows. Finally, a new Computational Fluid Dynamics chapter enables compulations of some simple flows and provides entry to more advanced literature. * Basic introduction to the subject of fluid mechanics, intended for undergraduate and beginning graduate students of science and engineering. * Includes topics of special interest for geophysicists and to engineers. * New and generalized treatment of similar laminar boundary layers, streamfunctions for three-dimensional flows, vector field derivatives, and gas dynamics. Also a new generalized treatment of boundary conditions in fluid mechanics, and expanded treatment of viscous flows.},
	pagetotal = {552},
	publisher = {Butterworth-Heinemann},
	author = {Landau, L. D. and Lifshitz, E. M.},
	date = {1987-01-15}
}

@book{zhaoshun_zhang_theory_2005,
	title = {Theory and Modeling of Turbulence},
	publisher = {Tsinghua University Press},
	author = {{Zhaoshun Zhang} and {Guixiang Cui} and {Chunxiao Xu}},
	date = {2005},
	file = {Snapshot:/home/lzh/Zotero/storage/FBHS5GQT/books.html:text/html}
}

@book{white_fluid_2017,
	title = {Fluid Mechanics Fourth Edition},
	publisher = {{McGraw}-hill},
	author = {White, Frank M.},
	date = {2017},
	file = {Snapshot:/home/lzh/Zotero/storage/RUGV7KQC/122.html:text/html}
}

@book{pope_turbulent_2001,
	title = {Turbulent flows},
	publisher = {{IOP} Publishing},
	author = {Pope, Stephen B.},
	date = {2001}
}

@incollection{murakami_comparison_1993,
	location = {Oxford},
	title = {{COMPARISON} {OF} {VARIOUS} {TURBULENCE} {MODELS} {APPLIED} {TO} A {BLUFF} {BODY}},
	isbn = {978-0-444-81688-7},
	url = {https://www.sciencedirect.com/science/article/pii/B9780444816887500061},
	abstract = {Flowfields around bluff bodies are characterized by complex distributions of the strain-rate tensor. Such flowfields can be analyzed with various turbulence models. The shortcoming of the eddy viscosity modelling in the k−ε model is scrutinized in comparison with the results of {ASM}. The accuracy of the algebraic approximation adopted in {ASM} is examined using the numerical data given from {LES}. A new {LES} model with variable Smagorinsky constant is then presented.},
	pages = {21--36},
	booktitle = {Computational Wind Engineering 1},
	publisher = {Elsevier},
	author = {Murakami, S.},
	urldate = {2018-06-18},
	date = {1993},
	doi = {10.1016/B978-0-444-81688-7.50006-1},
	file = {ScienceDirect Snapshot:/home/lzh/Zotero/storage/MKQQU2HY/B9780444816887500061.html:text/html}
}

@article{menter_comparison_1996,
	title = {A Comparison of Some Recent Eddy-Viscosity Turbulence Models},
	volume = {118},
	issn = {0098-2202},
	url = {http://fluidsengineering.asmedigitalcollection.asme.org/article.aspx?articleid=1428217},
	doi = {10.1115/1.2817788},
	pages = {514--519},
	number = {3},
	journaltitle = {Journal of Fluids Engineering},
	shortjournal = {J. Fluids Eng},
	author = {Menter, F. R.},
	urldate = {2018-06-18},
	date = {1996-09-01},
	file = {Snapshot:/home/lzh/Zotero/storage/9846A4VF/article.html:text/html}
}

@article{chen_comparison_1995,
	title = {{COMPARISON} {OF} {DIFFERENT} k-ε {MODELS} {FOR} {INDOOR} {AIR} {FLOW} {COMPUTATIONS}},
	volume = {28},
	issn = {1040-7790},
	url = {https://doi.org/10.1080/10407799508928838},
	doi = {10.1080/10407799508928838},
	abstract = {In this article, Jive k-ε, two-equation models are studied: the standard k-ε model, a low-Reynolds-number k-ε model, a two-layer k-ε model, a two-scale k-ε model, and a renormalization group ({RNG}) k-ε model. They are evaluated for their performance in predicting natural convection, forced convection, and mixed convection in rooms, as well as an impinging jet flow. Corresponding experimental data from the literature are used for validation. It is found that the prediction of the mean velocity is more accurate than that of the turbulent velocity. These models are neither able to predict anisotropic turbulence correctly nor to pick up the secondary recirculation of indoor air flow; otherwise the performance of the standard k-ε model is good. The {RNG} k-ε model is slightly better than the standard k-ε model and is therefore recommended for simulations of indoor airflow. The performance of the other models is not stable.},
	pages = {353--369},
	number = {3},
	journaltitle = {Numerical Heat Transfer, Part B: Fundamentals},
	author = {Chen, Q.},
	urldate = {2018-06-18},
	date = {1995-10-01},
	file = {Full Text PDF:/home/lzh/Zotero/storage/ZJSCS4LS/Chen - 1995 - COMPARISON OF DIFFERENT k-ε MODELS FOR INDOOR AIR .pdf:application/pdf}
}

@article{henkes_comparison_1989,
	title = {Comparison of turbulence models for the natural convection boundary layer along a heated vertical plate},
	volume = {32},
	issn = {0017-9310},
	url = {http://www.sciencedirect.com/science/article/pii/0017931089900999},
	doi = {10.1016/0017-9310(89)90099-9},
	abstract = {With a numerical code for solving the boundary-layer equations, the performance of different turbulence models for the natural convection boundary layer for air along a heated vertical plate is tested. The algebraic Cebeci-Smith model, the standard k-ε model with wall functions for k and ε and different low-Reynolds number k-ε models are tested. The Cebeci-Smith model calculates a too low wall-heat transfer and turbulent viscosity. The standard k-ε model with wall functions gives a too high wall-heat transfer, but the velocity and temperature profiles agree reasonably with experiments. Accurate wall-heat transfer results require the use of low-Reynolds number k-ε models; the models of Lam and Bremhorst, Chien, and Jones and Launder perform best up to a Grashof number of 1011. For larger Grashof numbers the Jones and Launder model is best. A sensitivity study shows that the wall-heat transfer with the standard k-ε model largely depends on the choice of the wall functions for k and ε. Replacing these wall functions by zero wall conditions for k and ε and adding the functions D and ƒμ of the Chien model to the standard k-ε model gives a simple, but accurate low-Reynolds number k-ε model for the natural convection boundary layer.
Résumé
Avec un code numérique pour résoudre les équations de couche limite, les performances de différents modéles de turbulence sont testés pour la couche limite de convection naturelle d'air le long d'une plaque chaude et verticale. On a testé le modéle algébrique Cebeci-Smith, le modéle standard k-ε. avec des fonctions de paroi pour k et ε et différents modéles k-ε à faible nombre de Reynolds. Le modéle Cebeci-Smith calcule un transfert thermique pariétal et une viscosité turbulente trop faibles. Le modéle k-ε standard avec des fonctions de paroi donne un transfert à la paroi trop élevé, mais les profils de vitesse et de température sont en accord raisonnable avec les expériences. Des résultats précis de transfert à la paroi requiérent l'utilisation des modéles k-ε à faible nombre de Reynolds; les modéles de Lam et Bremhorst, de Chien, de Jones et Launder conviennent jusqu'à un nombre de Grashof de 1011. Pour des nombres de Grashof plus grands, le modéle de Jones et Launder est meilleur. Une étude de sensibilité montre que le transfert thermique à la paroi avec le modéle standard k-ε dépend largement du choix des fonctions de paroi pour k et ε. Le remplacement de ces fonctions par des conditions de zéro à la paroi pour k et ε et l'addition des fonctions D et ƒμ du modéle de Chien au modéle k-ε standard, donnent un modéle simple et précis pour la couche limite de convection naturelle.
Zusammenfassung
Mit Hilfe eines numerischen Rechenprogramms zur Lösung von Grenzschichtproblemen wurde die Anwendung von verschiedenen Turbulenzmodellen für die Grenzschicht der natürlichen Konvektion von Luft an einer beheizten vertikalen Platte überprüft. Untersucht wurde das Cebeci-Smith-Modell, das Standard k-ε-Modell mit Wandfunktionen für k und ε und unterschiedliche k-ε-Modelle für geringe Reynolds-Zahlen. Das Cebeci-Smith Modell errechnet einen zu geringen Wärme-übergang an der Wand und eine zu geringe turbulente Viskosität. Das Standard k-ε-Modell ergibt einen zu hohen Wärmeübergang an der Wand—die Geschwindigkeits- und Temperaturprofile stimmen jedoch gut mit den Experimenten überein. Um den Wärmeübergang an der Wand richtig zu berechnen, muβ ein k-ε-Modell für geringe Reynolds-Zahlen benutzt werden. Dabei liefern die Modelle von Lam und Bremhorst, Chien, Jones und Launder die besten Ergebnisse bis zu Grashof-Zahlen von 1011. Für gröβere Grashof-Zahlen ist das Modell von Jones und Launder das beste. Eine Parameterstudie zeigt, daβ der Wärmeübergang an der Wand beim Standard-k-ε-Modell sehr stark von der Wahl der Wandfunktion k und ε abhängt. Setzt man diese Wandfunktionen zu 0 und erweitert das Standard-k-ε-Modell um die Funktionen D und ƒμ aus dem Chien-Modell, so erhält man ein genaues k-ε-Modell für kleine Reynolds-Zahlen für die Grenzschicht der natürlichen Konvektion.
Реферат
пPи п{oMoщи} чи{cлeHHoй} {cчeMы}, и{cпoльзyeMoй} для {PeшeHия} {yPaBHeHий} п{oгPaHичHoгo} cлoя, иccлeдyeтcя {aдeкBaтHocть} {PaзличHыч} Moдeлeй т{yPбyлeHтHocти} для Pacчeтa п{oгPaHичHoгo} cлoя Boздyчa y {HaгPeтoй} {BePтикaльHoй} пл{acтиHы} B {ycлoBияч} {ecтecтBeHHoй} к{oHBeкции}. {aHaлизиPyютcя} {aлгeбPaичecкaя} Moдeль Цeбecи-{cMитa}, {oбычHaя} Moдeль k-ε c п{PиcтeHHыMи} ф{yHкцияMи} для k и ε и {PaзличHыe} Moдeли k-ε для Hизкич чиceл {PeйHoльдca}. Moдeль Цeбecи-{cMитa} дaeт {BecьMa} з{aHижeHHыe} з{HaчeHия} т{eплoBoгo} пoтoкa Ha {cтeHкe} и т{yPбyлeHтHoй} Bязкocти. {oбычHaя} Moдeль k-ε c п{PиcтeHHыMи} ф{yHкцияMи} дaeт {oчeHь} {BыcoкиeзH} т{eплoBoгo} пoтoкa Ha {cтeHкe}, {oдHaкo} пPoфили {cкoPocти} и т{eMпePaтyPы} д{ocтaтoчHo} ч{oPoшo} coглacyютcя c эк{cпePиMeHтaльHыMи} д{aHHыMи}. Haибoлee т{oчHoe} {oпPeдeлeHиe} т{eплoBoгo} пoтoкa Ha {cтeHкe} тPeбyeт и{cпoльзoBaHия} {HизкoPeйHoльдcoBыч} Moдeлeй k-ε; Moдeли ЛэMa и Б{PeMчoPcтa}, ч{eHa}, a тaкжe Дж{oHca} и Л{ayHдePa} дaют Haиyчшиe Peзyльтaты для чиceл ГPacгoфa, He п{PeBышaющич} 1011. Bышe этoгo з{HaчeHия} лyчшe Bceгo пoдчoдит Moдeль Дж{oHca} и Л{ayHдePa}. П{oкaзaHo}, чтo т{eплoпePeHoc} Ha {cтeHкe}, {PaccчитaHHый} пo {cтaHдaPтHoй} Moдeли k-ε, {cильHo} з{aBиcит} oт {BыбoPa} п{PиcтeHHыч} ф{yHкций} для k и ε. з{aMeHa} этич ф{yHкций} {HyлeBыMи} {ycлoBияMи} для k и ε и {BBoд} ф{yHкций} Moдeли ч{eHa} D и ƒμ B {oбычHyю} Moдeль k-ε дaeт пPocтyю,Ho д{ocтaтoчHo} {cтPoгyю} Moдeль k-ε для Hизкич чиceл {PeйHoльдca} B cлyчae {ecтecтBeHHoй} к{oHBeкции} B п{oгPaHичHoM} cлoe.},
	pages = {157--169},
	number = {1},
	journaltitle = {International Journal of Heat and Mass Transfer},
	shortjournal = {International Journal of Heat and Mass Transfer},
	author = {Henkes, R. A. W. M. and Hoogendoorn, C. J.},
	urldate = {2018-06-18},
	date = {1989-01-01},
	file = {ScienceDirect Snapshot:/home/lzh/Zotero/storage/88FYIZFE/0017931089900999.html:text/html}
}

@article{weller_tensorial_1998,
	title = {A tensorial approach to computational continuum mechanics using object-oriented techniques},
	volume = {12},
	issn = {0894-1866},
	url = {https://aip.scitation.org/doi/abs/10.1063/1.168744},
	doi = {10.1063/1.168744},
	pages = {620--631},
	number = {6},
	journaltitle = {Computers in Physics},
	shortjournal = {Computers in Physics},
	author = {Weller, H. G. and Tabor, G. and Jasak, H. and Fureby, C.},
	urldate = {2018-06-18},
	date = {1998-11-01},
	file = {Full Text PDF:/home/lzh/Zotero/storage/TRU3UEVV/Weller et al. - 1998 - A tensorial approach to computational continuum me.pdf:application/pdf;Snapshot:/home/lzh/Zotero/storage/IHXUQG9M/1.html:text/html}
}

@article{taylor_diffusion_1922,
	title = {Diffusion by Continuous Movements},
	volume = {s2-20},
	rights = {© 1922 London Mathematical Society},
	issn = {1460-244X},
	url = {https://londmathsoc.onlinelibrary.wiley.com/doi/abs/10.1112/plms/s2-20.1.196},
	doi = {10.1112/plms/s2-20.1.196},
	pages = {196--212},
	number = {1},
	journaltitle = {Proceedings of the London Mathematical Society},
	author = {Taylor, G. I.},
	urldate = {2018-06-18},
	date = {1922},
	langid = {english},
	file = {Snapshot:/home/lzh/Zotero/storage/F6BDVBI9/s2-20.1.html:text/html}
}

@inproceedings{kolmogorov_equations_1941,
	title = {Equations of turbulent motion in an incompressible fluid},
	volume = {30},
	pages = {299--303},
	booktitle = {Dokl. Akad. Nauk {SSSR}},
	author = {Kolmogorov, Andrej Nikolaevich},
	date = {1941},
	file = {Snapshot:/home/lzh/Zotero/storage/K3XREFQI/739754.html:text/html}
}

@article{sreenivasan_universality_1995,
	title = {On the universality of the Kolmogorov constant},
	volume = {7},
	issn = {1070-6631},
	url = {https://aip.scitation.org/doi/abs/10.1063/1.868656},
	doi = {10.1063/1.868656},
	pages = {2778--2784},
	number = {11},
	journaltitle = {Physics of Fluids},
	shortjournal = {Physics of Fluids},
	author = {Sreenivasan, Katepalli R.},
	urldate = {2018-06-18},
	date = {1995-11-01},
	file = {Full Text PDF:/home/lzh/Zotero/storage/RH3UWJ2A/Sreenivasan - 1995 - On the universality of the Kolmogorov constant.pdf:application/pdf;Snapshot:/home/lzh/Zotero/storage/Q7U69WPC/1.html:text/html}
}

@article{holman_heat_1986,
	title = {Heat transfer, 1986},
	journaltitle = {Mc Gran–Hill Book Company, Soythern Methodist University},
	author = {Holman, J. P.},
	date = {1986}
}

@article{bruneau_2d_2006,
	title = {The 2D lid-driven cavity problem revisited},
	volume = {35},
	issn = {0045-7930},
	url = {http://www.sciencedirect.com/science/article/pii/S0045793005000368},
	doi = {10.1016/j.compfluid.2004.12.004},
	abstract = {Numerical simulations of the 2D lid-driven cavity flow are performed for a wide range of Reynolds numbers. Accurate benchmark results are provided for steady solutions as well as for periodic solutions around the critical Reynolds number. Numerous comparisons with the results available in the literature are given. The first Hopf bifurcation is localized by a study of the linearized problem.},
	pages = {326--348},
	number = {3},
	journaltitle = {Computers \& Fluids},
	shortjournal = {Computers \& Fluids},
	author = {Bruneau, Charles-Henri and Saad, Mazen},
	urldate = {2018-06-19},
	date = {2006-03-01},
	file = {ScienceDirect Full Text PDF:/home/lzh/Zotero/storage/UQ6X5GGI/Bruneau and Saad - 2006 - The 2D lid-driven cavity problem revisited.pdf:application/pdf;ScienceDirect Snapshot:/home/lzh/Zotero/storage/PU9U7P5Q/S0045793005000368.html:text/html}
}

@book{forsythe_finite-difference_1960,
	title = {Finite-Difference Methods for Partial Differential Equations, Applied Mathematics Series},
	author = {Forsythe, George E. and Wasow, Wolfgang R.},
	date = {1960},
	file = {Snapshot:/home/lzh/Zotero/storage/X4K76LMF/Forsythe and Wasow - 1960 - Finite-Difference Methods for Partial Differential.pdf:application/pdf}
}

@inproceedings{lee_convolutional_2009,
	title = {Convolutional deep belief networks for scalable unsupervised learning of hierarchical representations},
	pages = {609--616},
	booktitle = {Proceedings of the 26th annual international conference on machine learning},
	publisher = {{ACM}},
	author = {Lee, Honglak and Grosse, Roger and Ranganath, Rajesh and Ng, Andrew Y.},
	date = {2009},
	file = {Fulltext:/home/lzh/Zotero/storage/9DG39VVE/Lee et al. - 2009 - Convolutional deep belief networks for scalable un.pdf:application/pdf;Snapshot:/home/lzh/Zotero/storage/DH5RKG2R/citation.html:text/html}
}

@article{hinton_fast_2006,
	title = {A fast learning algorithm for deep belief nets},
	volume = {18},
	pages = {1527--1554},
	number = {7},
	journaltitle = {Neural computation},
	author = {Hinton, Geoffrey E. and Osindero, Simon and Teh, Yee-Whye},
	date = {2006},
	file = {Fulltext:/home/lzh/Zotero/storage/Q7A8XPQL/Hinton et al. - 2006 - A fast learning algorithm for deep belief nets.pdf:application/pdf}
}

@inproceedings{salakhutdinov_efficient_2010,
	title = {Efficient learning of deep Boltzmann machines},
	pages = {693--700},
	booktitle = {Proceedings of the thirteenth international conference on artificial intelligence and statistics},
	author = {Salakhutdinov, Ruslan and Larochelle, Hugo},
	date = {2010},
	file = {Fulltext:/home/lzh/Zotero/storage/DNJWB9CX/Salakhutdinov and Larochelle - 2010 - Efficient learning of deep Boltzmann machines.pdf:application/pdf;Snapshot:/home/lzh/Zotero/storage/H7PESM2S/Salakhutdinov and Larochelle - 2010 - Efficient learning of deep Boltzmann machines.pdf:application/pdf}
}

@inproceedings{nair_rectified_2010,
	title = {Rectified linear units improve restricted boltzmann machines},
	pages = {807--814},
	booktitle = {Proceedings of the 27th international conference on machine learning ({ICML}-10)},
	author = {Nair, Vinod and Hinton, Geoffrey E.},
	date = {2010},
	file = {Fulltext:/home/lzh/Zotero/storage/VTXULSJJ/Nair and Hinton - 2010 - Rectified linear units improve restricted boltzman.pdf:application/pdf;Snapshot:/home/lzh/Zotero/storage/3Q8VU5K2/Nair and Hinton - 2010 - Rectified linear units improve restricted boltzman.pdf:application/pdf}
}

@inproceedings{salakhutdinov_restricted_2007,
	title = {Restricted Boltzmann machines for collaborative filtering},
	pages = {791--798},
	booktitle = {Proceedings of the 24th international conference on Machine learning},
	publisher = {{ACM}},
	author = {Salakhutdinov, Ruslan and Mnih, Andriy and Hinton, Geoffrey},
	date = {2007},
	file = {Fulltext:/home/lzh/Zotero/storage/XTEPK3FY/Salakhutdinov et al. - 2007 - Restricted Boltzmann machines for collaborative fi.pdf:application/pdf;Snapshot:/home/lzh/Zotero/storage/AYXNSFLN/citation.html:text/html}
}